@article{Bryant2015Computer,
  title={Computer Systems: A Programmer's Perspective},
  author={Bryant, Randal E and O'Hallaron, David R},
  publisher={Pearson},
  pages={639--642},
  year={2015},
}